<?xml version="1.0" encoding="UTF-8"?>
<record>
  <leader>01046nam a2200301 cc4500</leader>
  <controlfield tag="003">DE-605</controlfield>
  <controlfield tag="005">20250926095057.0</controlfield>
  <controlfield tag="007">tu</controlfield>
  <controlfield tag="008">840831|1817    gw            ||| | ger c</controlfield>
  <controlfield tag="001">990076271850206441</controlfield>
  <datafield tag="016" ind1="7" ind2=" ">
    <subfield code="a">1069809411</subfield>
    <subfield code="2">OCoLC</subfield>
  </datafield>
  <datafield tag="035" ind1=" " ind2=" ">
    <subfield code="a">(DE-605)HT001475387</subfield>
  </datafield>
  <datafield tag="040" ind1=" " ind2=" ">
    <subfield code="a">HBZ/Off</subfield>
    <subfield code="b">ger</subfield>
    <subfield code="d">107</subfield>
    <subfield code="e">rda</subfield>
  </datafield>
  <datafield tag="041" ind1=" " ind2=" ">
    <subfield code="a">ger</subfield>
  </datafield>
  <datafield tag="044" ind1=" " ind2=" ">
    <subfield code="c">XA-DXDE</subfield>
  </datafield>
  <datafield tag="245" ind1="0" ind2="0">
    <subfield code="a">Conversations-Lexicon oder Encyclopädisches Handwörterbuch für gebildete Stände</subfield>
    <subfield code="b">in zehn Bänden</subfield>
    <subfield code="n">1</subfield>
    <subfield code="p">A bis Boyle</subfield>
  </datafield>
  <datafield tag="250" ind1=" " ind2=" ">
    <subfield code="a">4. Originalauflage</subfield>
  </datafield>
  <datafield tag="264" ind1=" " ind2="1">
    <subfield code="a">Altenburg [u.a.]</subfield>
    <subfield code="b">Brockhaus</subfield>
    <subfield code="c">1817</subfield>
  </datafield>
  <datafield tag="300" ind1=" " ind2=" ">
    <subfield code="a">XXVIII, 880 Seiten</subfield>
  </datafield>
  <datafield tag="336" ind1=" " ind2=" ">
    <subfield code="b">txt</subfield>
  </datafield>
  <datafield tag="337" ind1=" " ind2=" ">
    <subfield code="b">n</subfield>
  </datafield>
  <datafield tag="338" ind1=" " ind2=" ">
    <subfield code="b">nc</subfield>
  </datafield>
  <datafield tag="361" ind1="1" ind2=" ">
    <subfield code="5">DE-708</subfield>
    <subfield code="s">AAB/BRO</subfield>
    <subfield code="y">800813401</subfield>
    <subfield code="o">Vorbesitz Buchhandlung E. S. Mittler</subfield>
    <subfield code="0">(DE-588)1026534062</subfield>
    <subfield code="f">Etikett: Buchhändler</subfield>
    <subfield code="z">Angabe Etikett: Buchhandlung von E. S. Mittler, Schloß-Platz, unter der Stechbahn, No. 5</subfield>
  </datafield>
  <datafield tag="035" ind1=" " ind2=" ">
    <subfield code="a">(OCoLC)1069809411</subfield>
  </datafield>
  <datafield tag="035" ind1=" " ind2=" ">
    <subfield code="a">(DE-599)HBZHT001475387</subfield>
  </datafield>
  <datafield tag="964" ind1="0" ind2="s">
    <subfield code="F">030</subfield>
    <subfield code="A">a|1uc||||||||</subfield>
  </datafield>
  <datafield tag="964" ind1="0" ind2="s">
    <subfield code="F">050</subfield>
    <subfield code="A">a|||||||||||||</subfield>
  </datafield>
  <datafield tag="773" ind1="0" ind2="8">
    <subfield code="w">(DE-605)HT001316557</subfield>
    <subfield code="q">1</subfield>
  </datafield>
  <datafield tag="MBD" ind1=" " ind2=" ">
    <subfield code="M">49HBZ_NETWORK</subfield>
    <subfield code="i">990076271850206441</subfield>
    <subfield code="n">HBZ Network</subfield>
  </datafield>
  <datafield tag="MBD" ind1=" " ind2=" ">
    <subfield code="M">49HBZ_FUH</subfield>
    <subfield code="i">990001142620106464</subfield>
    <subfield code="n">Fernuniversität Hagen</subfield>
  </datafield>
  <datafield tag="MNG" ind1=" " ind2=" ">
    <subfield code="c">USP000090681######49HBZ_FUH</subfield>
    <subfield code="f">ILS</subfield>
    <subfield code="i">marc21</subfield>
    <subfield code="l">54</subfield>
    <subfield code="k">01</subfield>
    <subfield code="e">false</subfield>
    <subfield code="d">2025-09-26 09:50:57 Europe/Berlin</subfield>
    <subfield code="g">007627185-HBZ01</subfield>
    <subfield code="j">60</subfield>
    <subfield code="a">import</subfield>
    <subfield code="b">2021-04-05 13:16:48 Europe/Berlin</subfield>
  </datafield>
  <datafield tag="H52" ind1="8" ind2=" ">
    <subfield code="b">F0001</subfield>
    <subfield code="c">06</subfield>
    <subfield code="h">AAB/BRO</subfield>
    <subfield code="8">2292898160006464</subfield>
  </datafield>
  <datafield tag="HOL" ind1=" " ind2=" ">
    <subfield code="d">2024-12-17 09:59:11</subfield>
    <subfield code="8">2292898160006464</subfield>
    <subfield code="b">2022-07-04 10:46:53</subfield>
    <subfield code="M">49HBZ_FUH</subfield>
    <subfield code="g">false</subfield>
    <subfield code="a">import</subfield>
    <subfield code="c">USP000257434</subfield>
  </datafield>
  <datafield tag="ITM" ind1=" " ind2=" ">
    <subfield code="H">2292898160006464</subfield>
    <subfield code="x">06</subfield>
    <subfield code="f">BOOK</subfield>
    <subfield code="v">06</subfield>
    <subfield code="p">32</subfield>
    <subfield code="X">USP000257434</subfield>
    <subfield code="U">1984-08-31 10:59:11 Europe/Berlin</subfield>
    <subfield code="Y">2024-12-17 10:59:11 Europe/Berlin</subfield>
    <subfield code="h">false</subfield>
    <subfield code="J">Möglw. arsenbelastet! Sprechen Sie die UB an.</subfield>
    <subfield code="n">AAB/BRO</subfield>
    <subfield code="M">49HBZ_FUH</subfield>
    <subfield code="s">1</subfield>
    <subfield code="d">8</subfield>
    <subfield code="V">import</subfield>
    <subfield code="b">800813401</subfield>
    <subfield code="a">2392898150006464</subfield>
    <subfield code="c">AAB/BRO</subfield>
    <subfield code="B">80/8134</subfield>
    <subfield code="W">1984-08-31 02:00:00 Europe/Berlin</subfield>
    <subfield code="u">F0001</subfield>
    <subfield code="w">F0001</subfield>
  </datafield>
</record>
